@booklet{Madsen2010,
  author = {Lars Madsen},
  title = {Introduktion til {LaTeX}},
  year = {2010},
  howpublished = {\url{http://www.imf.au.dk/system/latex/bog/}}
 }
 
@misc{Oetiker2010,
  author = {Tobias Oetiker},
  title = {The Not So Short A Introduction to {LaTeX2e}},
  year = {2010},
  howpublished = {\url{http://tobi.oetiker.ch/lshort/lshort.pdf}}
 }
 
@book{Mittelbach2005,
  author = {Frank Mittelbach},
  edition = {2. ed.},
  publisher = {Addison-Wesley},
  title = {The LATEX companion},
  year = 2005
}

@article{pawlak:hal-01169705,
	TITLE = {Spoon: A Library for Implementing Analyses and Transformations of Java Source Code},
	AUTHOR = {Pawlak, Renaud and Monperrus, Martin and Petitprez, Nicolas and Noguera, Carlos and Seinturier, Lionel},
	JOURNAL = {Software: Practice and Experience},
	PUBLISHER = {Wiley-Blackwell},
	PAGES = {1155-1179},
	VOLUME = {46},
	URL = {https://hal.archives-ouvertes.fr/hal-01078532/document},
	YEAR = {2015},
	doi = {10.1002/spe.2346},
	url = {https://hal.archives-ouvertes.fr/hal-01078532/document}
}

@book{Arnold:2000:JPL:556709,
	author = {Arnold, Ken and Gosling, James and Holmes, David},
	title = {The  Java Programming Language},
	year = {2000},
	isbn = {0201704331},
	edition = {3rd},
	publisher = {Addison-Wesley Longman Publishing Co., Inc.},
	address = {Boston, MA, USA},
} 

@misc{javacWiki,
	author={{\relax Wikimedia Foundation Inc.}},
	title = {\emph{javac}},
	note = {Available on \url{https://en.wikipedia.org/wiki/Javac}},
	urldate = {8/12/2017},
}

@misc{reflect,
	author={{\relax Oracle}},
	title = {\emph{Reflection in Java}},
	note = {Available on~\href{https://docs.oracle.com/javase/7/docs/api/java/lang/reflect/package-summary.html#package_description}{java.lang.reflect package description}},
}

@book{bharathan2015apache,
	title={Apache Maven Cookbook},
	author={Bharathan, Raghuram},
	year={2015},
	publisher={Packt Publishing Ltd}
}

@misc{annotation,
	author={{\relax Oracle}},
	title = {\emph{Annotations}},
	note = {Available on \url{https://docs.oracle.com/javase/1.5.0/docs/guide/language/annotations.html}},
}

@inproceedings{fraser2011evosuite,
	title={Evosuite: automatic test suite generation for object-oriented software},
	author={Fraser, Gordon and Arcuri, Andrea},
	booktitle={Proceedings of the 19th ACM SIGSOFT symposium and the 13th European conference on Foundations of software engineering},
	pages={416--419},
	year={2011},
	organization={ACM}
}
